<?xml version="1.0" encoding="UTF-8"?><collection xmlns="http://www.loc.gov/MARC21/slim"><record><leader>00334nam--2200121-i-4500</leader><controlfield tag="001">000042630</controlfield><controlfield tag="002">20161230</controlfield><controlfield tag="005">20161230201043</controlfield><controlfield tag="008">060222s1000------------r-----000-0-eng-d</controlfield><datafield ind1=" " ind2=" " tag="080"><subfield code="a">002</subfield></datafield><datafield ind1=" " ind2=" " tag="245"><subfield code="a">Standardizarea pe plan mondial in tehnica informationala</subfield></datafield><datafield ind1=" " ind2=" " tag="260"><subfield code="a">Bucuresti, Inst.Central De Documentare Tehnica, K1971</subfield></datafield><datafield ind1=" " ind2=" " tag="852"><subfield code="a">45074</subfield></datafield></record></collection>